[gd_scene load_steps=20 format=2]

[ext_resource path="res://room/Room.tscn" type="PackedScene" id=1]
[ext_resource path="res://room/Plaza.gd" type="Script" id=2]
[ext_resource path="res://effects/water.png" type="Texture" id=4]
[ext_resource path="res://room/backgrounds/city_layers.webp" type="Texture" id=5]
[ext_resource path="res://effects/water.gdshader" type="Shader" id=6]
[ext_resource path="res://characters/Character.tscn" type="PackedScene" id=8]
[ext_resource path="res://props/PointOfInterest.tscn" type="PackedScene" id=10]
[ext_resource path="res://props/QuestMarker.tscn" type="PackedScene" id=14]
[ext_resource path="res://characters/scara.png" type="Texture" id=15]
[ext_resource path="res://characters/cass.png" type="Texture" id=16]
[ext_resource path="res://characters/characters.webp" type="Texture" id=17]

[sub_resource type="CanvasItemMaterial" id=15]
blend_mode = 2

[sub_resource type="AtlasTexture" id=22]
flags = 2
atlas = ExtResource( 17 )
region = Rect2( 208, 232, 16, 24 )

[sub_resource type="AtlasTexture" id=23]
flags = 2
atlas = ExtResource( 17 )
region = Rect2( 224, 232, 16, 24 )

[sub_resource type="AtlasTexture" id=24]
flags = 2
atlas = ExtResource( 17 )
region = Rect2( 240, 232, 16, 24 )

[sub_resource type="SpriteFrames" id=16]
animations = [ {
"frames": [ SubResource( 22 ), SubResource( 23 ), SubResource( 24 ) ],
"loop": true,
"name": "default",
"speed": 5.0
} ]

[sub_resource type="Animation" id=18]
resource_name = "crowd"
length = 20.0
loop = true
step = 1.0
tracks/0/type = "value"
tracks/0/path = NodePath("Person:position")
tracks/0/interp = 1
tracks/0/loop_wrap = true
tracks/0/imported = false
tracks/0/enabled = true
tracks/0/keys = {
"times": PoolRealArray( 0, 20 ),
"transitions": PoolRealArray( 1, 1 ),
"update": 0,
"values": [ Vector2( -10, -2 ), Vector2( 370, -2 ) ]
}
tracks/1/type = "value"
tracks/1/path = NodePath("Person2:position")
tracks/1/interp = 1
tracks/1/loop_wrap = true
tracks/1/imported = false
tracks/1/enabled = true
tracks/1/keys = {
"times": PoolRealArray( 0, 20 ),
"transitions": PoolRealArray( 1, 1 ),
"update": 0,
"values": [ Vector2( 370, -3 ), Vector2( -10, -3 ) ]
}
tracks/2/type = "value"
tracks/2/path = NodePath("Person3:position")
tracks/2/interp = 1
tracks/2/loop_wrap = true
tracks/2/imported = false
tracks/2/enabled = true
tracks/2/keys = {
"times": PoolRealArray( 1, 10, 11, 20 ),
"transitions": PoolRealArray( 1, 1, 1, 1 ),
"update": 0,
"values": [ Vector2( -10, 0 ), Vector2( 370, 0 ), Vector2( -10, 0 ), Vector2( 370, 0 ) ]
}
tracks/3/type = "value"
tracks/3/path = NodePath("Person3:visible")
tracks/3/interp = 1
tracks/3/loop_wrap = true
tracks/3/imported = false
tracks/3/enabled = true
tracks/3/keys = {
"times": PoolRealArray( 0, 1, 10, 11 ),
"transitions": PoolRealArray( 1, 1, 1, 1 ),
"update": 1,
"values": [ false, true, false, true ]
}
tracks/4/type = "value"
tracks/4/path = NodePath("Person4:position")
tracks/4/interp = 1
tracks/4/loop_wrap = true
tracks/4/imported = false
tracks/4/enabled = true
tracks/4/keys = {
"times": PoolRealArray( 0, 9, 11, 12 ),
"transitions": PoolRealArray( 1, 1, 1, 1 ),
"update": 0,
"values": [ Vector2( 180, -4 ), Vector2( -10, -4 ), Vector2( -10, -4 ), Vector2( 370, -4 ) ]
}
tracks/5/type = "value"
tracks/5/path = NodePath("Person4:visible")
tracks/5/interp = 1
tracks/5/loop_wrap = true
tracks/5/imported = false
tracks/5/enabled = true
tracks/5/keys = {
"times": PoolRealArray( 9, 12 ),
"transitions": PoolRealArray( 1, 1 ),
"update": 1,
"values": [ false, true ]
}

[sub_resource type="ShaderMaterial" id=19]
shader = ExtResource( 6 )
shader_param/WATER_COL = Color( 0.333333, 0.333333, 0.333333, 1 )
shader_param/WATER2_COL = Color( 0.666667, 0.666667, 0.666667, 1 )
shader_param/FOAM_COL = Color( 1, 1, 1, 1 )
shader_param/distortion_speed = 2.0
shader_param/tile = Vector2( 1.5, 0.3 )
shader_param/tex = ExtResource( 4 )

[sub_resource type="Animation" id=21]
resource_name = "pass"
length = 24.0
loop = true
step = 1.0
tracks/0/type = "value"
tracks/0/path = NodePath("Tram:position")
tracks/0/interp = 1
tracks/0/loop_wrap = true
tracks/0/imported = false
tracks/0/enabled = true
tracks/0/keys = {
"times": PoolRealArray( 0, 8, 12, 15, 24 ),
"transitions": PoolRealArray( 0.5, 1, 2, 1, 1 ),
"update": 0,
"values": [ Vector2( 480, 136 ), Vector2( 60, 136 ), Vector2( 60, 136 ), Vector2( -48, 136 ), Vector2( -48, 136 ) ]
}
tracks/1/type = "value"
tracks/1/path = NodePath("Tram/Line2D:scale")
tracks/1/interp = 1
tracks/1/loop_wrap = true
tracks/1/imported = false
tracks/1/enabled = true
tracks/1/keys = {
"times": PoolRealArray( 0, 2, 4, 8 ),
"transitions": PoolRealArray( 1, 1, 1, 1 ),
"update": 0,
"values": [ Vector2( 1, 1 ), Vector2( 1, 0.9 ), Vector2( 1, 1 ), Vector2( 1, 1.2 ) ]
}

[node name="Room" instance=ExtResource( 1 )]
script = ExtResource( 2 )

[node name="Furthest" type="ParallaxLayer" parent="." index="1"]
motion_scale = Vector2( 0.125, 1 )
__meta__ = {
"_edit_lock_": true
}

[node name="Bg" type="Sprite" parent="Furthest" index="0" groups=["decor"]]
position = Vector2( 0, 8 )
texture = ExtResource( 5 )
centered = false
region_enabled = true
region_rect = Rect2( 0, 0, 336, 88 )
__meta__ = {
"_edit_lock_": true
}

[node name="Assembly" parent="Furthest" index="1" instance=ExtResource( 10 )]
margin_left = 176.0
margin_top = -16.0
margin_right = 272.0
margin_bottom = 80.0
__meta__ = {
"_edit_lock_": true
}

[node name="Far" type="ParallaxLayer" parent="." index="2"]
motion_scale = Vector2( 0.5, 1 )
__meta__ = {
"_edit_lock_": true
}

[node name="Bg" type="Sprite" parent="Far" index="0" groups=["decor"]]
position = Vector2( 0, 40 )
texture = ExtResource( 5 )
centered = false
region_enabled = true
region_rect = Rect2( 0, 96, 360, 80 )
__meta__ = {
"_edit_lock_": true
}

[node name="Guards" type="Position2D" parent="Far" index="1"]
position = Vector2( 196, 102 )
z_index = 1
__meta__ = {
"_edit_lock_": true
}

[node name="C" parent="Far/Guards" index="0" instance=ExtResource( 8 )]
z_index = -1
offset = Vector2( 0, -12 )
region_rect = Rect2( 200, 208, 56, 24 )
__meta__ = {
"_edit_lock_": true
}

[node name="POI" parent="Far/Guards" index="1" instance=ExtResource( 10 )]
margin_left = -24.0
margin_top = -36.0
margin_right = 24.0
margin_bottom = 12.0

[node name="QuestMarker" parent="Far/Guards" index="2" instance=ExtResource( 14 )]
position = Vector2( 0, -18 )

[node name="Crowd" type="Node2D" parent="Far" index="2"]
position = Vector2( 0, 112 )
__meta__ = {
"_edit_lock_": true
}

[node name="Person" type="AnimatedSprite" parent="Far/Crowd" index="0"]
material = SubResource( 15 )
position = Vector2( -10, -2 )
frames = SubResource( 16 )
playing = true
offset = Vector2( 0, -12 )
__meta__ = {
"_edit_lock_": true
}

[node name="Person2" type="AnimatedSprite" parent="Far/Crowd" index="1"]
material = SubResource( 15 )
position = Vector2( 370, -3 )
frames = SubResource( 16 )
playing = true
offset = Vector2( 0, -12 )
flip_h = true
__meta__ = {
"_edit_lock_": true
}

[node name="Person3" type="AnimatedSprite" parent="Far/Crowd" index="2"]
visible = false
material = SubResource( 15 )
position = Vector2( 370, 0 )
frames = SubResource( 16 )
speed_scale = 1.5
playing = true
offset = Vector2( 0, -12 )
__meta__ = {
"_edit_lock_": true
}

[node name="Person4" type="AnimatedSprite" parent="Far/Crowd" index="3"]
material = SubResource( 15 )
position = Vector2( 180, -4 )
frames = SubResource( 16 )
speed_scale = 1.25
playing = true
offset = Vector2( 0, -12 )
flip_h = true
__meta__ = {
"_edit_lock_": true
}

[node name="Anim" type="AnimationPlayer" parent="Far/Crowd" index="4"]
autoplay = "crowd"
anims/crowd = SubResource( 18 )

[node name="Near" type="ParallaxLayer" parent="." index="3"]
__meta__ = {
"_edit_lock_": true
}

[node name="Water" type="ColorRect" parent="Near" index="0" groups=["decor"]]
material = SubResource( 19 )
margin_top = 144.0
margin_right = 512.0
margin_bottom = 176.0
mouse_filter = 2

[node name="Bg" type="Sprite" parent="Near" index="1" groups=["decor"]]
position = Vector2( 0, 56 )
texture = ExtResource( 5 )
centered = false
region_enabled = true
region_rect = Rect2( 0, 192, 400, 128 )

[node name="TramStop" parent="Near" index="2" instance=ExtResource( 10 )]
margin_left = -4.0
margin_top = 52.0
margin_right = 76.0
margin_bottom = 132.0
focus_neighbour_right = NodePath("../Scara/POI")
focus_next = NodePath("../Scara/POI")

[node name="Scara" type="Position2D" parent="Near" index="3"]
position = Vector2( 104, 128 )

[node name="C" parent="Near/Scara" index="0" instance=ExtResource( 8 )]
texture = ExtResource( 15 )
offset = Vector2( 0, -24 )
flip_h = true
hframes = 8
region_rect = Rect2( 0, 16, 384, 48 )
__meta__ = {
"_edit_lock_": true
}

[node name="POI" parent="Near/Scara" index="1" instance=ExtResource( 10 )]
margin_left = -20.0
margin_top = -40.0
margin_right = 20.0
margin_bottom = 0.0
focus_neighbour_left = NodePath("../../TramStop")
focus_neighbour_right = NodePath("../../Cass/POI")
focus_next = NodePath("../../Cass/POI")
focus_previous = NodePath("../../TramStop")

[node name="Cass" type="Position2D" parent="Near" index="4"]
position = Vector2( 156, 128 )

[node name="C" parent="Near/Cass" index="0" instance=ExtResource( 8 )]
texture = ExtResource( 16 )
offset = Vector2( 0, -12 )
hframes = 8
region_rect = Rect2( 0, 8, 192, 24 )
__meta__ = {
"_edit_lock_": true
}

[node name="POI" parent="Near/Cass" index="1" instance=ExtResource( 10 )]
margin_left = -12.0
margin_top = -24.0
margin_right = 12.0
margin_bottom = 0.0

[node name="Bernard" type="Position2D" parent="Near" index="5"]
position = Vector2( 352, 128 )

[node name="C" parent="Near/Bernard" index="0" instance=ExtResource( 8 )]
offset = Vector2( 0, -12 )
region_rect = Rect2( 160, 40, 48, 24 )
__meta__ = {
"_edit_lock_": true
}

[node name="POI" parent="Near/Bernard" index="1" instance=ExtResource( 10 )]
margin_left = -24.0
margin_top = -36.0
margin_right = 24.0
margin_bottom = 12.0

[node name="QuestMarker" parent="Near/Bernard" index="2" instance=ExtResource( 14 )]
position = Vector2( 0, -24 )

[node name="Tram" type="Sprite" parent="Near" index="6"]
position = Vector2( 480, 136 )
texture = ExtResource( 17 )
region_enabled = true
region_rect = Rect2( 176, 128, 80, 48 )

[node name="Line2D" type="Line2D" parent="Near/Tram" index="0"]
points = PoolVector2Array( -80, -64, -72, -32, -64, -16, -48, 0, -32, 8 )
width = 1.0
default_color = Color( 0, 0, 0, 1 )

[node name="Position2D" type="Position2D" parent="Near/Tram" index="1"]
show_behind_parent = true
position = Vector2( -9, 20 )

[node name="Character" parent="Near/Tram/Position2D" index="0" instance=ExtResource( 8 )]
show_behind_parent = true
region_rect = Rect2( 208, 40, 24, 40 )

[node name="Position2D2" type="Position2D" parent="Near/Tram" index="2"]
show_behind_parent = true
position = Vector2( 12, 28 )

[node name="Character2" parent="Near/Tram/Position2D2" index="0" instance=ExtResource( 8 )]
show_behind_parent = true
flip_h = true
region_rect = Rect2( 208, 80, 24, 16 )

[node name="Position2D3" type="Position2D" parent="Near/Tram" index="3"]
show_behind_parent = true
position = Vector2( 24, 20 )

[node name="Character3" parent="Near/Tram/Position2D3" index="0" instance=ExtResource( 8 )]
show_behind_parent = true
flip_h = true
region_rect = Rect2( 184, 64, 24, 32 )

[node name="TramPOI" parent="Near/Tram" index="4" instance=ExtResource( 10 )]
margin_left = -28.0
margin_top = -24.0
margin_right = 28.0
margin_bottom = 32.0

[node name="TramAnim" type="AnimationPlayer" parent="Near" index="7"]
autoplay = "pass"
anims/pass = SubResource( 21 )

[node name="Nearest" type="ParallaxLayer" parent="." index="4" groups=["decor"]]
motion_scale = Vector2( 2, 1 )
__meta__ = {
"_edit_lock_": true
}

[node name="Fg" type="Sprite" parent="Nearest" index="0"]
position = Vector2( 0, 120 )
texture = ExtResource( 5 )
centered = false
region_enabled = true
region_rect = Rect2( 0, 320, 512, 64 )

[node name="FgTop" type="Sprite" parent="Nearest" index="1"]
position = Vector2( -16, -4 )
texture = ExtResource( 5 )
centered = false
flip_h = true
flip_v = true
region_enabled = true
region_rect = Rect2( 0, 320, 512, 64 )

[node name="Camera" parent="." index="5"]
limit_right = 400

[node name="Hint" parent="HUD" index="0"]
text = "1_HINT"

[connection signal="selected" from="Furthest/Assembly" to="." method="_on_Assembly_selected"]
[connection signal="selected" from="Far/Guards/POI" to="." method="_on_Guards_selected"]
[connection signal="selected" from="Near/TramStop" to="." method="_on_TramStop_selected"]
[connection signal="selected" from="Near/Scara/POI" to="." method="_on_Scara_selected"]
[connection signal="selected" from="Near/Cass/POI" to="." method="_on_Cass_selected"]
[connection signal="selected" from="Near/Bernard/POI" to="." method="_on_Bernard_selected"]
[connection signal="selected" from="Near/Tram/TramPOI" to="." method="_on_Tram_selected"]
